<record xmlns="http://www.loc.gov/MARC21/slim" xmlns:xsi="http://www.w3.org/2001/XMLSchema-instance" xsi:schemaLocation="http://www.loc.gov/MARC21/slim http://www.loc.gov/standards/marcxml/schema/MARC21slim.xsd"><leader>02576nam a2200433   4500</leader><controlfield tag="001">001988539</controlfield><controlfield tag="003">NNU</controlfield><controlfield tag="006">m        d        </controlfield><controlfield tag="007">cr cn |||m|||a</controlfield><controlfield tag="008">150223s1989    ir      o     000 0 ara d</controlfield><datafield ind1=" " ind2=" " tag="040"><subfield code="a">NNU</subfield><subfield code="b">eng</subfield><subfield code="c">NNU</subfield></datafield><datafield ind1="1" ind2=" " tag="100"><subfield code="6">880-01</subfield><subfield code="a">Astara&#772;ba&#772;dhi&#772;, Rad&#803;i&#772; al-Di&#772;n Muh&#803;ammad ibn al-H&#803;asan,</subfield><subfield code="d">active 1284.</subfield></datafield><datafield ind1="1" ind2="0" tag="240"><subfield code="6">880-02</subfield><subfield code="a">Sharh&#803; al-Ka&#772;fiyah</subfield></datafield><datafield ind1="1" ind2="0" tag="245"><subfield code="6">880-03</subfield><subfield code="a">Sharh&#803; al-ka&#772;fiyah fi&#772; al-nah&#803;w</subfield><subfield code="h">[electronic resource] /</subfield><subfield code="c">Muh&#803;ammad ibn al-H&#803;asan Najm al-Millah wa-al-Di&#772;n al-Muh&#803;aqqiq al-Rad&#803;i&#772; al-Astara&#772;ba&#772;dhi&#772; ; wa-bi-ha&#772;mishah h&#803;a&#772;shi&#772;yah li-Shari&#772;f al-Jurja&#772;ni&#772;.</subfield></datafield><datafield ind1=" " ind2=" " tag="250"><subfield code="6">880-04</subfield><subfield code="a">Cha&#772;p-i 1.</subfield></datafield><datafield ind1=" " ind2=" " tag="260"><subfield code="6">880-05</subfield><subfield code="a">T&#803;ihra&#772;n :</subfield><subfield code="b">Intisha&#772;ra&#772;t-i Murtaz&#804;avi&#772;,</subfield><subfield code="c">1366 [1987]</subfield></datafield><datafield ind1=" " ind2=" " tag="300"><subfield code="a">online resource (2 v. in 1)</subfield></datafield><datafield ind1=" " ind2=" " tag="500"><subfield code="a">Part of the Arabic Collections Online (ACO) project, contributed by New York Univeristy Libraries.</subfield></datafield><datafield ind1=" " ind2=" " tag="533"><subfield code="a">Electronic reproduction.</subfield><subfield code="b">New York, N.Y. :</subfield><subfield code="c">New York University,</subfield><subfield code="d">2015.</subfield><subfield code="5">NNU</subfield></datafield><datafield ind1="1" ind2="0" tag="600"><subfield code="6">880-06</subfield><subfield code="a">Ibn al-H&#803;a&#772;jib, &#699;Uthma&#772;n ibn &#699;Umar,</subfield><subfield code="d">1175-1249.</subfield><subfield code="t">Ka&#772;fiyah.</subfield></datafield><datafield ind1=" " ind2="0" tag="650"><subfield code="a">Arabic language</subfield><subfield code="x">Syntax.</subfield></datafield><datafield ind1="0" ind2="7" tag="630"><subfield code="a">Ka&#772;fiyah (Ibn al-H&#803;a&#772;jib, &#699;Uthma&#772;n ibn &#699;Umar)</subfield><subfield code="2">fast</subfield><subfield code="0">(OCoLC)fst01366739</subfield></datafield><datafield ind1=" " ind2="7" tag="650"><subfield code="a">Arabic language</subfield><subfield code="x">Syntax.</subfield><subfield code="2">fast</subfield><subfield code="0">(OCoLC)fst00812441</subfield></datafield><datafield ind1="1" ind2=" " tag="700"><subfield code="6">880-07</subfield><subfield code="a">Jurja&#772;ni&#772;, &#699;Ali&#772; ibn Muh&#803;ammad,</subfield><subfield code="c">al-Sayyid al-Shari&#772;f,</subfield><subfield code="d">1340-1413.</subfield></datafield><datafield ind1="2" ind2=" " tag="710"><subfield code="a">New York University.</subfield><subfield code="b">Libraries.</subfield></datafield><datafield ind1="0" ind2=" " tag="730"><subfield code="a">Arabic Collections Online.</subfield></datafield><datafield ind1="0" ind2=" " tag="740"><subfield code="6">880-08</subfield><subfield code="a">Ka&#772;fiyah fi&#772; al-nah&#803;w.</subfield></datafield><datafield ind1="0" ind2="8" tag="776"><subfield code="i">Print version:</subfield><subfield code="a">Astara&#772;ba&#772;dhi&#772;, Rad&#803;i&#772; al-Di&#772;n Muh&#803;ammad ibn al-H&#803;asan, active 1284.</subfield><subfield code="t">Sharh&#803; al-ka&#772;fiyah fi&#772; al-nah&#803;w</subfield><subfield code="w">(NNU)001988539</subfield></datafield><datafield ind1="4" ind2="0" tag="856"><subfield code="u">http://hdl.handle.net/2333.1/mw6m92h3</subfield></datafield><datafield ind1="1" ind2=" " tag="880"><subfield code="6">100-01/</subfield><subfield code="a">&#1575;&#1587;&#1578;&#1585;&#1575;&#1576;&#1575;&#1584;&#1610;&#1548; &#1585;&#1590;&#1610; &#1575;&#1604;&#1583;&#1610;&#1606; &#1605;&#1581;&#1605;&#1583; &#1576;&#1606; &#1575;&#1604;&#1581;&#1587;&#1606;&#1548;</subfield><subfield code="d">active 1284.</subfield></datafield><datafield ind1="1" ind2="0" tag="880"><subfield code="6">240-02/</subfield><subfield code="a">&#1588;&#1585;&#1581; &#1575;&#1604;&#1603;&#1575;&#1601;&#1610;&#1577;</subfield></datafield><datafield ind1="1" ind2="0" tag="880"><subfield code="6">245-03/</subfield><subfield code="a">&#1588;&#1585;&#1581; &#1575;&#1604;&#1603;&#1575;&#1601;&#1610;&#1577; &#1601;&#1610; &#1575;&#1604;&#1606;&#1581;&#1608; /</subfield><subfield code="c">&#1605;&#1581;&#1605;&#1583; &#1576;&#1606; &#1575;&#1604;&#1581;&#1587;&#1606; &#1606;&#1580;&#1605; &#1575;&#1604;&#1605;&#1604;&#1577; &#1608;&#1575;&#1604;&#1583;&#1610;&#1606; &#1575;&#1604;&#1605;&#1581;&#1602;&#1602; &#1575;&#1604;&#1585;&#1590;&#1610; &#1575;&#1604;&#1575;&#1587;&#1578;&#1585;&#1575;&#1576;&#1575;&#1584;&#1610; &#1563; &#1608;&#1576;&#1607;&#1575;&#1605;&#1588;&#1577; &#1581;&#1575;&#1588;&#1610;&#1577; &#1604;&#1588;&#1585;&#1610;&#1601; &#1575;&#1604;&#1580;&#1585;&#1580;&#1575;&#1606;&#1610;.</subfield></datafield><datafield ind1=" " ind2=" " tag="880"><subfield code="6">250-04/</subfield><subfield code="a">&#1670;&#1575;&#1662; 1.</subfield></datafield><datafield ind1=" " ind2=" " tag="880"><subfield code="6">260-05/</subfield><subfield code="a">&#1591;&#1607;&#1585;&#1575;&#1606; :</subfield><subfield code="b">&#1575;&#1606;&#1578;&#1588;&#1575;&#1585;&#1575;&#1578; &#1605;&#1585;&#1578;&#1590;&#1608;&#1609;&#1548;</subfield><subfield code="c">1366 [1987]</subfield></datafield><datafield ind1="1" ind2="4" tag="880"><subfield code="6">600-06/</subfield><subfield code="a">&#1575;&#1576;&#1606; &#1575;&#1604;&#1581;&#1575;&#1580;&#1576;&#1548; &#1593;&#1579;&#1605;&#1575;&#1606; &#1576;&#1606; &#1593;&#1605;&#1585;&#1548;</subfield><subfield code="d">1175-1249.</subfield><subfield code="t">&#1603;&#1575;&#1601;&#1610;&#1577;.</subfield></datafield><datafield ind1="1" ind2=" " tag="880"><subfield code="6">700-07/</subfield><subfield code="a">&#1580;&#1585;&#1580;&#1575;&#1606;&#1610;&#1548; &#1593;&#1604;&#1610; &#1576;&#1606; &#1605;&#1581;&#1605;&#1583;&#1548;</subfield><subfield code="c">&#1575;&#1604;&#1587;&#1610;&#1583; &#1575;&#1604;&#1588;&#1585;&#1610;&#1601;&#1548;</subfield><subfield code="d">1340-1413.</subfield></datafield><datafield ind1="0" ind2=" " tag="880"><subfield code="6">740-08/</subfield><subfield code="a">&#1603;&#1575;&#1601;&#1610;&#1577; &#1601;&#1610; &#1575;&#1604;&#1606;&#1581;&#1608;.</subfield></datafield><datafield ind1=" " ind2=" " tag="959"><subfield code="a">NNU</subfield><subfield code="b">WEB</subfield><subfield code="c">GENI</subfield><subfield code="t">0</subfield><subfield code="m">Electronic access</subfield><subfield code="s">01</subfield></datafield><datafield ind1=" " ind2=" " tag="999"><subfield code="i">NNU_001988539</subfield><subfield code="s">nyu_aco000025:v.1/2</subfield></datafield></record>